@INPROCEEDINGS{9348074,  author={Yazdani, Niloofar and Nielsen, Lars and Lucani, Daniel E.},  booktitle={GLOBECOM 2020 - 2020 IEEE Global Communications Conference},   title={Memory-aware Online Compression of CAN Bus Data for Future Vehicular Systems},   year={2020},  volume={},  number={},  pages={1-6},  doi={10.1109/GLOBECOM42002.2020.9348074}}